%% This BibTeX bibliography file was created using BibDesk.
%% https://bibdesk.sourceforge.io/

%% Created for Taeyoung Lee at 2021-03-17 17:26:09 -0400 


%% Saved with string encoding Unicode (UTF-8) 



@inproceedings{su2014differential,
	author = {Su, Weijie and Boyd, Stephen P and Candes, Emmanuel J},
	booktitle = {NIPS},
	date-added = {2021-03-17 17:26:08 -0400},
	date-modified = {2021-03-17 17:26:08 -0400},
	number = {27},
	pages = {2510--2518},
	title = {A Differential Equation for Modeling {N}esterov's Accelerated Gradient Method: Theory and Insights.},
	volume = {14},
	year = {2014}}

@article{betancourt2018symplectic,
	author = {Betancourt, Michael and Jordan, Michael I and Wilson, Ashia C},
	date-added = {2021-03-17 17:25:59 -0400},
	date-modified = {2021-03-17 17:25:59 -0400},
	journal = {arXiv preprint arXiv:1802.03653},
	title = {On symplectic optimization},
	year = {2018}}

@article{WahSR65,
	author = {Grace Wahba},
	date-added = {2021-03-17 17:25:48 -0400},
	date-modified = {2021-03-17 17:25:48 -0400},
	journal = {SIAM Review},
	number = {5},
	owner = {rachell0},
	pages = {409},
	timestamp = {2008.02.11},
	title = {A least squares Estimate of Satellite Attitude, {P}roblem 65-1},
	volume = {7},
	year = {1965}}

@inproceedings{alimisis2020continuous,
	author = {Alimisis, Foivos and Orvieto, Antonio and B{\'e}cigneul, Gary and Lucchi, Aurelien},
	booktitle = {International Conference on Artificial Intelligence and Statistics},
	date-added = {2021-03-17 17:25:38 -0400},
	date-modified = {2021-03-17 17:25:38 -0400},
	organization = {PMLR},
	pages = {1297--1307},
	title = {A continuous-time perspective for modeling acceleration in {R}iemannian optimization},
	year = {2020}}

@article{duruisseaux2021variational,
	author = {Duruisseaux, Valentin and Leok, Melvin},
	date-added = {2021-03-17 17:25:25 -0400},
	date-modified = {2021-03-17 17:25:25 -0400},
	journal = {arXiv preprint arXiv:2101.06552},
	title = {A Variational Formulation of Accelerated Optimization on {R}iemannian Manifolds},
	year = {2021}}

@article{nesterov2008accelerating,
	author = {Nesterov, Yu},
	date-added = {2021-03-17 17:25:14 -0400},
	date-modified = {2021-03-17 17:25:14 -0400},
	journal = {Mathematical Programming},
	number = {1},
	pages = {159--181},
	publisher = {Springer},
	title = {Accelerating the cubic regularization of {N}ewton's method on convex problems},
	volume = {112},
	year = {2008}}

@article{nesterov2005smooth,
	author = {Nesterov, Yu},
	date-added = {2021-03-17 17:25:14 -0400},
	date-modified = {2021-03-17 17:25:14 -0400},
	journal = {Mathematical programming},
	number = {1},
	pages = {127--152},
	publisher = {Springer},
	title = {Smooth minimization of non-smooth functions},
	volume = {103},
	year = {2005}}

@article{wibisono2016variational,
	author = {Wibisono, Andre and Wilson, Ashia C and Jordan, Michael I},
	date-added = {2021-03-17 17:24:56 -0400},
	date-modified = {2021-03-17 17:24:56 -0400},
	journal = {proceedings of the National Academy of Sciences},
	number = {47},
	pages = {E7351--E7358},
	title = {A variational perspective on accelerated methods in optimization},
	volume = {113},
	year = {2016}}

@inproceedings{tao2020variational,
	author = {Tao, Molei and Ohsawa, Tomoki},
	booktitle = {International Conference on Artificial Intelligence and Statistics},
	date-added = {2021-03-17 17:24:46 -0400},
	date-modified = {2021-03-17 17:24:46 -0400},
	pages = {4269--4280},
	title = {Variational optimization on {L}ie groups, with examples of leading (generalized) eigenvalue problems},
	year = {2020}}

@phdthesis{Lee08,
	author = {T. Lee},
	date-added = {2021-03-17 17:24:28 -0400},
	date-modified = {2021-03-17 17:24:28 -0400},
	key = {GM},
	school = {University of Michigan},
	title = {Computational Geometric Mechanics and Control of Rigid Bodies},
	year = {2008}}

@phdthesis{Leo04,
	author = {M. Leok},
	date-added = {2021-03-17 17:24:15 -0400},
	date-modified = {2021-03-17 17:24:15 -0400},
	owner = {rachell0},
	school = {California {I}nstittute of {T}echnology},
	timestamp = {2008.02.11},
	title = {Foundations of computational geometric mechanics},
	year = {2004}}

@book{LeeLeo17,
	author = {T. Lee and M. Leok and {N. H.} McClamroch},
	date-added = {2021-03-17 17:24:04 -0400},
	date-modified = {2021-03-17 17:24:04 -0400},
	doi = {10.1007/978-3-319-56953-6},
	key = {BK},
	publisher = {Springer},
	title = {Global Formulation of {L}agrangian and {H}amiltonian Dynamics on Manifolds},
	year = {2018},
	Bdsk-Url-1 = {http://dx.doi.org/10.1007/978-3-319-56953-6}}

@book{MarRat99,
	author = {{J. E.} Marsden and {T. S.} Ratiu},
	date-added = {2021-03-17 17:23:41 -0400},
	date-modified = {2021-03-17 17:23:41 -0400},
	edition = {Second},
	owner = {rachell0},
	publisher = {Springer-Verlag},
	series = {Texts in Applied Mathematics},
	timestamp = {2008.02.11},
	title = {Introduction to Mechanics and Symmetry},
	volume = {17},
	year = {1999}}

@article{LeeLeoCMAME07,
	author = {T. Lee and M. Leok and {N. H.} McClamroch},
	date-added = {2021-03-17 17:23:26 -0400},
	date-modified = {2021-03-17 17:23:26 -0400},
	doi = {10.1016/j.cma.2007.01.017},
	journal = {Computer Methods in Applied Mechanics and Engineering},
	key = {GM},
	month = may,
	owner = {rachell0},
	pages = {2907--2924},
	timestamp = {2008.02.11},
	title = {Lie group variational integrators for the full body problem},
	volume = {196},
	year = {2007},
	Bdsk-Url-1 = {http://dx.doi.org/10.1016/j.cma.2007.01.017}}

@incollection{MarWesAN01,
	author = {{J. E.} Marsden and M. West},
	booktitle = {Acta Numerica},
	date-added = {2021-03-17 17:22:38 -0400},
	date-modified = {2021-03-17 17:22:38 -0400},
	owner = {rachell0},
	pages = {317--514},
	publisher = {Cambridge University Press},
	timestamp = {2008.02.11},
	title = {Discrete mechanics and variational integrators},
	volume = {10},
	year = {2001}}
